@article{MOLLERsurvey,
title = {A survey on human-aware robot navigation},
journal = {Robotics and Autonomous Systems},
volume = {145},
pages = {103837},
year = {2021},
issn = {0921-8890},
doi = {https://doi.org/10.1016/j.robot.2021.103837},
url = {https://www.sciencedirect.com/science/article/pii/S0921889021001226},
author = {Ronja Möller and Antonino Furnari and Sebastiano Battiato and Aki Härmä and Giovanni Maria Farinella},
keywords = {Robot navigation, Human robot interaction, Active vision, Activity recognition},
abstract = {Intelligent systems are increasingly part of our everyday lives and have been integrated seamlessly to the point where it is difficult to imagine a world without them. Physical manifestations of those systems on the other hand, in the form of embodied agents or robots, have so far been used only for specific applications and are often limited to functional roles (e.g. in the industry, entertainment and military fields). Given the current growth and innovation in the research communities concerned with the topics of robot navigation, human–robot-interaction and human activity recognition, it seems like this might soon change. Robots are increasingly easy to obtain and use and the acceptance of them in general is growing. However, the design of a socially compliant robot that can function as a companion needs to take various areas of research into account. This paper is concerned with the navigation aspect of a socially-compliant robot and provides a survey of existing solutions for the relevant areas of research as well as an outlook on possible future directions.}
}

@misc{arenarosnav,
  title={Arena-Rosnav: Towards Deployment of Deep-Reinforcement-Learning-Based Obstacle Avoidance into Conventional Autonomous Navigation Systems},
  author={Linh Kästner and Teham Buiyan and Xinlin Zhao and Lei Jiao and Zhengcheng Shen and Jens Lambrecht},
  year={2021},
  eprint={2104.03616},
  archivePrefix={arXiv},
  primaryClass={[cs.RO](http://cs.ro/)},
  url={https://arxiv.org/abs/2104.03616},
}

@misc{arena30,
      title={Arena 3.0: Advancing Social Navigation in Collaborative and Highly Dynamic Environments}, 
      author={Linh Kästner and Volodymyir Shcherbyna and Huajian Zeng and Tuan Anh Le and Maximilian Ho-Kyoung Schreff and Halid Osmaev and Nam Truong Tran and Diego Diaz and Jan Golebiowski and Harold Soh and Jens Lambrecht},
      year={2024},
      eprint={2406.00837},
      archivePrefix={arXiv},
      primaryClass={cs.RO},
      url={https://arxiv.org/abs/2406.00837}, 
}

@article{arenabench,
   title={Arena-Bench: A Benchmarking Suite for Obstacle Avoidance Approaches in Highly Dynamic Environments},
   volume={7},
   ISSN={2377-3774},
   url={http://dx.doi.org/10.1109/LRA.2022.3190086},
   DOI={10.1109/lra.2022.3190086},
   number={4},
   journal={IEEE Robotics and Automation Letters},
   publisher={Institute of Electrical and Electronics Engineers (IEEE)},
   author={Kastner, Linh and Bhuiyan, Teham and Le, Tuan Anh and Treis, Elias and Cox, Johannes and Meinardus, Boris and Kmiecik, Jacek and Carstens, Reyk and Pichel, Duc and Fatloun, Bassel and Khorsandi, Niloufar and Lambrecht, Jens},
   year={2022},
   month=oct, pages={9477–9484} }


@INPROCEEDINGS{habitat,
author={Savva, Manolis and Kadian, Abhishek and Maksymets, Oleksandr and Zhao, Yili and Wijmans, Erik and Jain, Bhavana and Straub, Julian and Liu, Jia and Koltun, Vladlen and Malik, Jitendra and Parikh, Devi and Batra, Dhruv},
booktitle={2019 IEEE/CVF International Conference on Computer Vision (ICCV)},
title={Habitat: A Platform for Embodied AI Research},
year={2019},
volume={},
number={},
pages={9338-9346},
keywords={Sensors;Three-dimensional displays;Artificial intelligence;Task analysis;Navigation;Training;Robots},
doi={10.1109/ICCV.2019.00943}}

@misc{szot2022habitat20traininghome,
title={Habitat 2.0: Training Home Assistants to Rearrange their Habitat},
author={Andrew Szot and Alex Clegg and Eric Undersander and Erik Wijmans and Yili Zhao and John Turner and Noah Maestre and Mustafa Mukadam and Devendra Chaplot and Oleksandr Maksymets and Aaron Gokaslan and Vladimir Vondrus and Sameer Dharur and Franziska Meier and Wojciech Galuba and Angel Chang and Zsolt Kira and Vladlen Koltun and Jitendra Malik and Manolis Savva and Dhruv Batra},
year={2022},
eprint={2106.14405},
archivePrefix={arXiv},
primaryClass={cs.LG},
url={https://arxiv.org/abs/2106.14405},
}

@misc{hunavsimros2human,
title={HuNavSim: A ROS 2 Human Navigation Simulator for Benchmarking Human-Aware Robot Navigation},
author={Noé Pérez-Higueras and Roberto Otero and Fernando Caballero and Luis Merino},
year={2023},
eprint={2305.01303},
archivePrefix={arXiv},
primaryClass={[cs.RO](http://cs.ro/)},
url={https://arxiv.org/abs/2305.01303},
}

@article{proxemicstheoryHall,
author = {Hall, Edward T. and Birdwhistell, Ray L. and Bock, Bernhard and Bohannan, Paul and Diebold,, A. Richard and Durbin, Marshall and Edmonson, Munro S. and Fischer, J. L. and Hymes, Dell and Kimball, Solon T. and La Barre, Weston and  and McClellan, J. E. and Marshall, Donald S. and Milner, G. B. and Sarles, Harvey B. and Trager, George L and Vayda, Andrew P.},
title = {Proxemics [and Comments and Replies]},
journal = {Current Anthropology},
volume = {9},
number = {2/3},
pages = {83-108},
year = {1968},
doi = {10.1086/200975},
URL = {https://doi.org/10.1086/200975},
eprint = {https://doi.org/10.1086/200975}
}

@article{henkel,
author = {Henkel, Zachary and Bethel, Cindy and Murphy, Robin and Srinivasan, Vasant},
year = {2014},
month = {06},
pages = {374-385},
title = {Evaluation of Proxemic Scaling Functions for Social Robotics},
volume = {44},
journal = {Human-Machine Systems, IEEE Transactions on},
doi = {10.1109/THMS.2014.2304075}
}

@INPROCEEDINGS{layerdcostmaps,
  author={Lu, David V. and Hershberger, Dave and Smart, William D.},
  booktitle={2014 IEEE/RSJ International Conference on Intelligent Robots and Systems}, 
  title={Layered costmaps for context-sensitive navigation}, 
  year={2014},
  volume={},
  number={},
  pages={709-715},
  keywords={Navigation;Robot sensing systems;Semantics;Collision avoidance;Context;Path planning},
  doi={10.1109/IROS.2014.6942636}
}

@article{Helbing_1995,
   title={Social force model for pedestrian dynamics},
   volume={51},
   ISSN={1095-3787},
   url={http://dx.doi.org/10.1103/PhysRevE.51.4282},
   DOI={10.1103/physreve.51.4282},
   number={5},
   journal={Physical Review E},
   publisher={American Physical Society (APS)},
   author={Helbing, Dirk and Molnár, Péter},
   year={1995},
   month=may, pages={4282–4286} 
   }

@INPROCEEDINGS{MPCwithsfm,
  author={Sacco, Federico and Recchiuto, Carmine and Mårtensson, Jonas},
  booktitle={2024 33rd IEEE International Conference on Robot and Human Interactive Communication (ROMAN)}, 
  title={A Novel Social Navigation Approach Based on Model Predictive Control and Social Force Model}, 
  year={2024},
  volume={},
  number={},
  pages={1705-1711},
  keywords={Measurement;Pedestrians;Navigation;Roads;Force;Urban areas;Predictive models;Mobile robots;Robots;Predictive control},
  doi={10.1109/RO-MAN60168.2024.10731256}}


@inproceedings{puetz18mbf,
  author = {Sebastian Pütz and Jorge Santos Simón and Joachim Hertzberg},
  title = {{Move Base Flex}: A Highly Flexible Navigation Framework for Mobile Robots},
  booktitle = {2018 IEEE/RSJ International Conference on Intelligent Robots and Systems (IROS)},
  year = 2018,
  month = {October},
  url = {https://github.com/magazino/move_base_flex},
  note = {Software available at \url{https://github.com/magazino/move_base_flex}}
}

@article{Moussa_d_2011,
title={How simple rules determine pedestrian behavior and crowd disasters},
volume={108},
ISSN={1091-6490},
url={http://dx.doi.org/10.1073/pnas.1016507108},
DOI={10.1073/pnas.1016507108},
number={17},
journal={Proceedings of the National Academy of Sciences},
publisher={Proceedings of the National Academy of Sciences},
author={Moussaïd, Mehdi and Helbing, Dirk and Theraulaz, Guy},
year={2011},
month=apr, pages={6884–6888} }

@INPROCEEDINGS{teb,
  author={Rösmann, Christoph and Hoffmann, Frank and Bertram, Torsten},
  booktitle={2015 European Control Conference (ECC)}, 
  title={Timed-Elastic-Bands for time-optimal point-to-point nonlinear model predictive control}, 
  year={2015},
  volume={},
  number={},
  pages={3352-3357},
  keywords={Optimization;Trajectory;Approximation methods;Optimal control;Predictive control;Planning},
  doi={10.1109/ECC.2015.7331052}}

@INPROCEEDINGS{dwa,
  author={Khatib, O.},
  booktitle={Proceedings. 1985 IEEE International Conference on Robotics and Automation}, 
  title={Real-time obstacle avoidance for manipulators and mobile robots}, 
  year={1985},
  volume={2},
  number={},
  pages={500-505},
  keywords={Manipulators;Mobile robots;Large Hadron Collider;Laboratories},
  doi={10.1109/ROBOT.1985.1087247}}


@article{mpc,
  title={Time-optimal nonlinear model predictive control},
  author={R{\"o}smann, Christoph},
  year={2019}
}

@INPROCEEDINGS{cohan,
  author={Teja Singamaneni, Phani and Favier, Anthony and Alami, Rachid},
  booktitle={2021 IEEE/RSJ International Conference on Intelligent Robots and Systems (IROS)}, 
  title={Human-Aware Navigation Planner for Diverse Human-Robot Interaction Contexts}, 
  year={2021},
  volume={},
  number={},
  pages={5817-5824},
  keywords={Navigation;Human-robot interaction;Intelligent robots},
  doi={10.1109/IROS51168.2021.9636613}}

@misc{applr,
  title={APPLD: Adaptive Planner Parameter Learning from Demonstration}, 
  author={Xuesu Xiao and Bo Liu and Garrett Warnell and Jonathan Fink and Peter Stone},
  year={2020},
  eprint={2004.00116},
  archivePrefix={arXiv},
  primaryClass={cs.RO},
  url={https://arxiv.org/abs/2004.00116}, 
}

@misc{lflh,
  title={Motion Planning and Control for Mobile Robot Navigation Using Machine Learning: a Survey}, 
  author={Xuesu Xiao and Bo Liu and Garrett Warnell and Peter Stone},
  year={2022},
  eprint={2011.13112},
  archivePrefix={arXiv},
  primaryClass={cs.RO},
  url={https://arxiv.org/abs/2011.13112}, 
}

@misc{dragontrail,
author = {Xiao, Xuesu and Xu, Zifan and Wang, Zizhao and Song, Yunlong and Warnell, Garrett and Stone, Peter and Zhang, Tingnan and Ravi, Shravan and Wang, Gary and Karnan, Haresh and Biswas, Joydeep and Mohammad, Nicholas and Bramblett, Lauren and Peddi, Rahul and Bezzo, Nicola and Xie, Zhanteng and Dames, Philip},
year = {2022},
month = {08},
pages = {148–156},
title = {Autonomous ground navigation in highly constrained spaces: Lessons learned from the benchmark autonomous robot navigation challenge at icra 2022 [competitions]},
doi = {10.48550/arXiv.2208.10473}
}

@misc{rlca,
  title={Towards Optimally Decentralized Multi-Robot Collision Avoidance via Deep Reinforcement Learning}, 
  author={Pinxin Long and Tingxiang Fan and Xinyi Liao and Wenxi Liu and Hao Zhang and Jia Pan},
  year={2018},
  eprint={1709.10082},
  archivePrefix={arXiv},
  primaryClass={cs.RO},
  url={https://arxiv.org/abs/1709.10082}, 
}


@misc{crowdnav,
  title={Crowd-Robot Interaction: Crowd-aware Robot Navigation with Attention-based Deep Reinforcement Learning}, 
  author={Changan Chen and Yuejiang Liu and Sven Kreiss and Alexandre Alahi},
  year={2019},
  eprint={1809.08835},
  archivePrefix={arXiv},
  primaryClass={cs.RO},
  url={https://arxiv.org/abs/1809.08835}, 
}

@INPROCEEDINGS{sarl,
  author={Li, Keyu and Xu, Yangxin and Wang, Jiankun and Meng, Max Q.-H.},
  booktitle={2019 IEEE International Conference on Robotics and Biomimetics (ROBIO)}, 
  title={SARL: Deep Reinforcement Learning based Human-Aware Navigation for Mobile Robot in Indoor Environments}, 
  year={2019},
  volume={},
  number={},
  pages={688-694},
  keywords={Deep learning;Training;Costs;Navigation;Heuristic algorithms;Reinforcement learning;Indoor environment;mobile robot;human-aware navigation;deep reinforcement learning;collision avoidance;indoor navigation},
  doi={10.1109/ROBIO49542.2019.8961764}}


@misc{arena,
  title={Deep-Reinforcement-Learning-Based Semantic Navigation of Mobile Robots in Dynamic Environments}, 
  author={Linh Kästner and Cornelius Marx and Jens Lambrecht},
  year={2020},
  eprint={2008.00516},
  archivePrefix={arXiv},
  primaryClass={cs.RO},
  url={https://arxiv.org/abs/2008.00516}, 
}

@misc{cadrl,
      title={Motion Planning Among Dynamic, Decision-Making Agents with Deep Reinforcement Learning}, 
      author={Michael Everett and Yu Fan Chen and Jonathan P. How},
      year={2018},
      eprint={1805.01956},
      archivePrefix={arXiv},
      primaryClass={cs.RO},
      url={https://arxiv.org/abs/1805.01956}, 
}

@misc{Navrep,
      title={NavRep: Unsupervised Representations for Reinforcement Learning of Robot Navigation in Dynamic Human Environments}, 
      author={Daniel Dugas and Juan Nieto and Roland Siegwart and Jen Jen Chung},
      year={2020},
      eprint={2012.04406},
      archivePrefix={arXiv},
      primaryClass={cs.RO},
      url={https://arxiv.org/abs/2012.04406}, 
}

@article{10.1016/j.cviu.2022.103489,
author = {Lopes, Alexandre and Souza, Roberto and Pedrini, Helio},
title = {A survey on RGB-D datasets},
year = {2022},
issue_date = {Sep 2022},
publisher = {Elsevier Science Inc.},
address = {USA},
volume = {222},
number = {C},
issn = {1077-3142},
url = {https://doi.org/10.1016/j.cviu.2022.103489},
doi = {10.1016/j.cviu.2022.103489},
journal = {Comput. Vis. Image Underst.},
month = sep,
numpages = {22},
keywords = {Depth datasets, Computer vision, Monocular depth estimation, RGB-D data}
}

@article{tsoi2022sean2,
    author={Tsoi, Nathan and Xiang, Alec and Yu, Peter and Sohn, Samuel S. and Schwartz, Greg and Ramesh, Subashri and Hussein, Mohamed and Gupta, Anjali W. and Kapadia, Mubbasir and Vázquez, Marynel},
    journal={IEEE Robotics and Automation Letters},
    title={SEAN 2.0: Formalizing and Generating Social Situations for Robot Navigation},
    year={2022},
    pages={1-8},
    doi={10.1109/LRA.2022.3196783}
}

@misc{chen2018sociallyawaremotionplanning,
title={Socially Aware Motion Planning with Deep Reinforcement Learning},
author={Yu Fan Chen and Michael Everett and Miao Liu and Jonathan P. How},
year={2018},
eprint={1703.08862},
archivePrefix={arXiv},
primaryClass={[cs.RO](http://cs.ro/)},
url={https://arxiv.org/abs/1703.08862},
}

@article{navarro2013splitjoin,
author = {Navarro, Iñaki},
title = {Exploring the Split and Join Capabilities of a Robotic Collective Movement Framework},
journal = {International Journal of Advanced Robotic Systems},
year = {2013},
volume = {10},
number = {5},
doi = {10.5772/55390}
}

@misc{cheng2019humanmotionpredictionusing,
title={Human Motion Prediction using Semi-adaptable Neural Networks},
author={Yujiao Cheng and Weiye Zhao and Changliu Liu and Masayoshi Tomizuka},
year={2019},
eprint={1810.00781},
archivePrefix={arXiv},
primaryClass={[cs.RO](http://cs.ro/)},
url={https://arxiv.org/abs/1810.00781},
}

@ARTICLE{8335753,
author={Honig, Shanee S. and Oron-Gilad, Tal and Zaichyk, Hanan and Sarne-Fleischmann, Vardit and Olatunji, Samuel and Edan, Yael},
journal={IEEE Transactions on Cognitive and Developmental Systems},
title={Toward Socially Aware Person-Following Robots},
year={2018},
volume={10},
number={4},
pages={936-954},
keywords={Legged locomotion;Navigation;Robot sensing systems;Service robots;Task analysis;Accompanying robot;human–robot interaction (HRI);person-following;proxemics;social robotics;user needs},
doi={10.1109/TCDS.2018.2825641}}

@INPROCEEDINGS{8673115,
author={Mavrogiannis, Christoforos and Hutchinson, Alena M. and Macdonald, John and Alves-Oliveira, Patrícia and Knepper, Ross A.},
booktitle={2019 14th ACM/IEEE International Conference on Human-Robot Interaction (HRI)},
title={Effects of Distinct Robot Navigation Strategies on Human Behavior in a Crowded Environment},
year={2019},
volume={},
number={},
pages={421-430},
keywords={Navigation;Collision avoidance;Trajectory;Mobile robots;Autonomous robots;Planning;Navigation;Motion Planning;Social Robotics},
doi={10.1109/HRI.2019.8673115}}

@misc{biswas2021socnavbenchgroundedsimulationtesting,
title={SocNavBench: A Grounded Simulation Testing Framework for Evaluating Social Navigation},
author={Abhijat Biswas and Allan Wang and Gustavo Silvera and Aaron Steinfeld and Henny Admoni},
year={2021},
eprint={2103.00047},
archivePrefix={arXiv},
primaryClass={[cs.RO](http://cs.ro/)},
url={https://arxiv.org/abs/2103.00047},
}

@INPROCEEDINGS{7353617,
author={Yixing Gao and Hyung Jin Chang and Demiris, Yiannis},
booktitle={2015 IEEE/RSJ International Conference on Intelligent Robots and Systems (IROS)},
title={User modelling for personalised dressing assistance by humanoid robots},
year={2015},
volume={},
number={},
pages={1840-1845},
keywords={Robot kinematics;Adaptation models;Humanoid robots;Real-time systems;Cameras;Image color analysis},
doi={10.1109/IROS.2015.7353617}}

@book{hall1966hiddendimension,
author    = {Hall, Edward T.},
title     = {The Hidden Dimension},
year      = {1966},
publisher = {Doubleday},
address   = {Garden City, NY}
}

@article{KRUSE20131726,
title = {Human-aware robot navigation: A survey},
journal = {Robotics and Autonomous Systems},
volume = {61},
number = {12},
pages = {1726-1743},
year = {2013},
issn = {0921-8890},
doi = {https://doi.org/10.1016/j.robot.2013.05.007},
url = {https://www.sciencedirect.com/science/article/pii/S0921889013001048},
author = {Thibault Kruse and Amit Kumar Pandey and Rachid Alami and Alexandra Kirsch},
keywords = {Autonomous robot, Navigation, Human-aware, Human-centered environment, Survey},
}

@article{riosmartinez2015proxemics,
author    = {Rios-Martinez, J. and Spalanzani, A. and Laugier, C.},
title     = {From proxemics theory to socially-aware navigation: A survey},
journal   = {International Journal of Social Robotics},
year      = {2015},
volume    = {7},
number    = {2},
pages     = {137--153},
doi       = {10.1007/s12369-014-0251-1},
url       = {https://doi.org/10.1007/s12369-014-0251-1}
}

@INPROCEEDINGS{5326271,
author={Kirby, Rachel and Simmons, Reid and Forlizzi, Jodi},
booktitle={RO-MAN 2009 - The 18th IEEE International Symposium on Robot and Human Interactive Communication},
title={COMPANION: A Constraint-Optimizing Method for Person-Acceptable Navigation},
year={2009},
volume={},
number={},
pages={607-612},
keywords={Navigation;Orbital robotics;Mobile robots;Path planning;Human robot interaction;Elevators;Robot programming;Motion planning;Safety;Costs},
doi={10.1109/ROMAN.2009.5326271}}

@InProceedings{dasgupta_cvpr16,
  author       = {Alexandre Alahi and  Kratarth Goel and Vignesh Ramanathan and Alexandre Robicquet and Li Fei-Fei and Silvio Savarese},
  title        = {Social LSTM: Human Trajectory Prediction in Crowded Spaces},
  booktitle    = {Proceedings of the IEEE International Conference on Computer Vision and Pattern Recognition},
  year         = {2016},
}

@inproceedings{colombo2013behavioural,
author    = {Colombo, A. and Legay, A. and Fontanelli, D. and Gandhi, D. and Palopoli, L. and Sedwards, S. and others},
title     = {Behavioural templates improve robot motion planning with social force model in human environments},
booktitle = {Conference Contribution},
year      = {2013},
publisher = {University of Lincoln},
url       = {https://hdl.handle.net/10779/lincoln.25170869.v1}
}

@INPROCEEDINGS{5654369,
author={Trautman, Peter and Krause, Andreas},
booktitle={2010 IEEE/RSJ International Conference on Intelligent Robots and Systems},
title={Unfreezing the robot: Navigation in dense, interacting crowds},
year={2010},
volume={},
number={},
pages={797-803},
keywords={Navigation;Trajectory;Collision avoidance;Robot kinematics;Joints;Predictive models},
doi={10.1109/IROS.2010.5654369}}



@article{author2015robotnavigation,
author    = {Trautman, P. and Ma, J. and Murray, R. M. and Krause, A.},
title     = {Robot navigation in dense human crowds: Statistical models and experimental studies of human–robot cooperation},
journal   = {The International Journal of Robotics Research},
year      = {2015},
volume    = {34},
number    = {3},
pages     = {335--356}
}

@inproceedings{bisagno2018group,
title={Group lstm: Group trajectory prediction in crowded scenarios},
author={Bisagno, Niccol{\'o} and Zhang, Bo and Conci, Nicola},
booktitle={Proceedings of the European conference on computer vision (ECCV)},
pages={0--0},
year={2018}
}

@article{mead2017autonomous,
author    = {Mead, R. and Matarić, M. J.},
title     = {Autonomous human–robot proxemics: socially aware navigation based on interaction potential},
journal   = {Autonomous Robots},
year      = {2017},
volume    = {41},
number    = {5},
pages     = {1189--1201}
}

@ARTICLE{4339546,
author={Sisbot, Emrah Akin and Marin-Urias, Luis F. and Alami, Rachid and Simeon, Thierry},
journal={IEEE Transactions on Robotics},
title={A Human Aware Mobile Robot Motion Planner},
year={2007},
volume={23},
number={5},
pages={874-883},
keywords={Mobile robots;Human robot interaction;Motion planning;Motion control;Navigation;Control systems;Production facilities;Cognitive robotics;Human–robot interaction (HRI);motion planning;social interaction},
doi={10.1109/TRO.2007.904911}}

@inproceedings{kuderer2012featurebased,
author    = {Kuderer, M. and Kretzschmar, H. and Sprunk, C. and Burgard, W.},
title     = {Feature-based prediction of trajectories for socially compliant navigation},
booktitle = {Robotics: Science and Systems},
year      = {2012},

url       = {https://www.roboticsproceedings.org/rss08/p25.pdf}
}

@INPROCEEDINGS{9341783,
author={Guldenring, Ronja and Görner, Michael and Hendrich, Norman and Jacobsen, Niels Jul and Zhang, Jianwei},
booktitle={2020 IEEE/RSJ International Conference on Intelligent Robots and Systems (IROS)},
title={Learning Local Planners for Human-aware Navigation in Indoor Environments},
year={2020},
volume={},
number={},
pages={6053-6060},
keywords={Legged locomotion;Training;Navigation;Heuristic algorithms;Two dimensional displays;System recovery;Intelligent robots},
doi={10.1109/IROS45743.2020.9341783}}

@INPROCEEDINGS{7989037,
author={Chen, Yu Fan and Liu, Miao and Everett, Michael and How, Jonathan P.},
booktitle={2017 IEEE International Conference on Robotics and Automation (ICRA)},
title={Decentralized non-communicating multiagent collision avoidance with deep reinforcement learning},
year={2017},
volume={},
number={},
pages={285-292},
keywords={Collision avoidance;Learning (artificial intelligence);Kinematics;Decision making;Real-time systems;Navigation;Planning},
doi={10.1109/ICRA.2017.7989037}}

@INPROCEEDINGS{corridor,
  author={Pacchierotti, E. and Christensen, H.I. and Jensfelt, P.},
  booktitle={ROMAN 2005. IEEE International Workshop on Robot and Human Interactive Communication, 2005.}, 
  title={Human-robot embodied interaction in hallway settings: a pilot user study}, 
  year={2005},
  volume={},
  number={},
  pages={164-171},
  keywords={Human robot interaction;Service robots;Safety;Navigation;Orbital robotics;Home appliances;Senior citizens;Context-aware services;Graphical user interfaces;Speech},
  doi={10.1109/ROMAN.2005.1513774}}

  @misc{mirsky2022conflictavoidancesocialnavigation,
      title={Conflict Avoidance in Social Navigation -- a Survey}, 
      author={Reuth Mirsky and Xuesu Xiao and Justin Hart and Peter Stone},
      year={2022},
      eprint={2106.12113},
      archivePrefix={arXiv},
      primaryClass={cs.RO},
      url={https://arxiv.org/abs/2106.12113}, 
}